@article{Riemann1868,
  author    = {Riemann, Bernhard},
  title     = {Ueber die Hypothesen, welche der Geometrie zu Grunde liegen},
  journal   = {Abhandlungen der K{\"o}niglichen Gesellschaft der Wissenschaften zu G{\"o}ttingen},
  volume    = {13},
  year      = {1868},
  pages     = {133--150},
  keywords  = {math-logic}
}

@article{Christoffel1869,
  author    = {Christoffel, E. B.},
  title     = {Ueber die Transformation der homogenen differentiellen Ausdr{\"u}cke zweiten Grades},
  journal   = {Journal f{\"u}r die reine und angewandte Mathematik},
  volume    = {70},
  pages     = {46--70},
  year      = {1869},
  keywords  = {math-logic}
}

@article{RicciLeviCivita1901,
  author    = {Ricci, G. and Levi-Civita, T.},
  title     = {M{\'e}thodes de calcul diff{\'e}rentiel absolu et leurs applications},
  journal   = {Mathematische Annalen},
  volume    = {54},
  pages     = {125--201},
  year      = {1901},
  doi       = {10.1007/BF01454201},
  keywords  = {math-logic}
}

@book{doCarmo1992,
  author    = {do Carmo, Manfredo Perdig{\~a}o},
  title     = {Riemannian Geometry},
  publisher = {Birkh{\"a}user},
  year      = {1992},
  keywords  = {math-logic}
}

@book{Lee2012,
  author    = {Lee, John M.},
  title     = {Introduction to Smooth Manifolds},
  publisher = {Springer},
  edition   = {2nd},
  year      = {2012},
  keywords  = {math-logic}
}

@article{Whitney1936,
	author    = {Whitney, Hassler},
	title     = {Differentiable manifolds},
	journal   = {Annals of Mathematics},
	volume    = {37},
	number    = {3},
	year      = {1936},
	pages     = {645--680},
	doi       = {10.2307/1968482},
	keywords  = {math-logic}
}

@book{Bianchi1894,
  author    = {Bianchi, Luigi},
  title     = {Lezioni di geometria differenziale},
  publisher = {E. Spoerri},
  address   = {Pisa},
  year      = {1894},
  edition   = {1st ed.},
  pages     = {VIII+541},
  keywords  = {math-logic}
}


@article{Hamilton1982,
  author    = {Hamilton, Richard S.},
  title     = {Three-manifolds with positive Ricci curvature},
  journal   = {Journal of Differential Geometry},
  volume    = {17},
  number    = {2},
  pages     = {255--306},
  year      = {1982},
  keywords  = {math-logic}
}

@article{Perelman2002,
  author    = {Perelman, Grigori},
  title     = {The entropy formula for the Ricci flow and its geometric applications},
  journal   = {arXiv preprint math/0211159},
  year      = {2002},
  url       = {https://arxiv.org/abs/math/0211159},
  keywords  = {math-logic}
}

@book{Euler1744,
  author    = {Euler, Leonhard},
  title     = {Methodus inveniendi lineas curvas maximi minimive proprietate gaudentes, sive solutio problematis isoperimetrici latissimo sensu accepti},
  publisher = {Marcum-Michaelem Bousquet \& socios},
  year      = {1744},
  address   = {Lausann{\ae} \& Genev{\ae}},
  keywords  = {math-logic}
}

@book{Lagrange1788,
  author    = {Lagrange, Joseph-Louis},
  title     = {M{\'e}canique analytique},
  publisher = {Veuve Desaint},
  year      = {1788},
  address   = {Paris},
  keywords  = {math-logic}
}

@book{Arnold1989,
  author    = {Arnold, Vladimir I.},
  title     = {Mathematical Methods of Classical Mechanics},
  publisher = {Springer},
  edition   = {2nd},
  year      = {1989},
  keywords  = {math-logic}
}

@article{Noether1918,
  author    = {Noether, Emmy},
  title     = {Invariante Variationsprobleme},
  journal   = {Nachrichten von der Gesellschaft der Wissenschaften zu G{\"o}ttingen, Mathematisch-Physikalische Klasse},
  pages     = {235--257},
  year      = {1918},
  keywords  = {math-logic}
}

@book{MacLane1998,
  author    = {Mac Lane, Saunders},
  title     = {Categories for the Working Mathematician},
  publisher = {Springer},
  edition   = {2nd},
  year      = {1998},
  keywords  = {math-logic}
}

@article{Einstein1915,
  author    = {Einstein, Albert},
  title     = {Die Feldgleichungen der Gravitation},
  journal   = {Sitzungsberichte der K{\"o}niglich Pre{\"u}ssischen Akademie der Wissenschaften},
  pages     = {844--847},
  year      = {1915},
  keywords  = {physics-field-theory}
}

@article{Einstein1916,
  author    = {Einstein, Albert},
  title     = {{Die Grundlage der allgemeinen Relativit{\"a}tstheorie}},
  journal   = {Annalen der Physik},
  volume    = {49},
  number    = {7},
  pages     = {769--822},
  year      = {1916},
  keywords  = {physics-field-theory, math-logic}
}

@book{MisnerThorneWheeler1973,
  author    = {Misner, Charles W. and Thorne, Kip S. and Wheeler, John Archibald},
  title     = {Gravitation},
  publisher = {W. H. Freeman},
  year      = {1973},
  keywords  = {physics-field-theory, math-logic}
}

@book{Wald1984,
  author    = {Wald, Robert M.},
  title     = {General Relativity},
  publisher = {University of Chicago Press},
  year      = {1984},
  keywords  = {physics-field-theory}
}

@book{GoldsteinPooleSafko2002,
  author    = {Goldstein, Herbert and Poole, Charles and Safko, John},
  title     = {Classical Mechanics},
  edition   = {3rd},
  publisher = {Addison-Wesley},
  year      = {2002},
  keywords  = {math-logic}
}

@book{LandauLifshitz1975,
  author    = {Landau, L.D. and Lifshitz, E.M.},
  title     = {The Classical Theory of Fields},
  year      = {1975},
  publisher = {Pergamon Press},
  series    = {Course of Theoretical Physics},
  volume    = {2},
  edition   = {4th},
  keywords  = {physics-field-theory}
}

@book{PeskinSchroeder1995,
  author    = {Peskin, Michael E. and Schroeder, Daniel V.},
  title     = {An Introduction to Quantum Field Theory},
  publisher = {Addison-Wesley},
  year      = {1995},
  keywords  = {physics-field-theory}
}

@book{Weinberg1995,
  author    = {Weinberg, Steven},
  title     = {The Quantum Theory of Fields},
  volume    = {1},
  publisher = {Cambridge University Press},
  year      = {1995},
  keywords  = {physics-field-theory}
}

@article{Heisenberg1927,
  author    = {Heisenberg, Werner},
  title     = {{\"U}ber den anschaulichen Inhalt der quantentheoretischen Kinematik und Mechanik},
  journal   = {Zeitschrift f{\"u}r Physik},
  volume    = {43},
  number    = {3-4},
  pages     = {172--198},
  year      = {1927},
  keywords  = {physics-field-theory}
}

@book{vonNeumann1932,
  author    = {von Neumann, John},
  title     = {Mathematische Grundlagen der Quantenmechanik},
  publisher = {Springer},
  year      = {1932},
  address   = {Berlin},
  keywords  = {physics-field-theory, math-logic}
}

@book{vonNeumann1955,
  author    = {von Neumann, John},
  title     = {Mathematical Foundations of Quantum Mechanics},
  publisher = {Princeton University Press},
  year      = {1955},
  address   = {Princeton, NJ},
  note      = {Translated from the German edition by Robert T. Beyer},
  keywords  = {physics-field-theory, math-logic}
}

@article{Penrose1965,
  author    = {Penrose, Roger},
  title     = {Gravitational Collapse and Space-Time Singularities},
  journal   = {Physical Review Letters},
  volume    = {14},
  number    = {3},
  pages     = {57--59},
  year      = {1965},
  doi       = {10.1103/PhysRevLett.14.57},
  keywords  = {physics-field-theory}
}

@article{Hawking1974,
  author    = {Hawking, S. W.},
  title     = {Black hole explosions?},
  journal   = {Nature},
  volume    = {248},
  number    = {5443},
  pages     = {30--31},
  year      = {1974},
  doi       = {10.1038/248030a0},
  keywords  = {physics-field-theory}
}

@article{Hawking1975,
  author    = {Hawking, S. W.},
  title     = {Particle creation by black holes},
  journal   = {Communications in Mathematical Physics},
  volume    = {43},
  number    = {3},
  pages     = {199--220},
  year      = {1975},
  doi       = {10.1007/BF02345020},
  keywords  = {physics-field-theory}
}

@book{WheelerZurek1983,
  editor    = {Wheeler, John Archibald and Zurek, Wojciech Hubert},
  title     = {Quantum Theory and Measurement},
  publisher = {Princeton University Press},
  year      = {1983},
  address   = {Princeton, NJ},
  keywords  = {physics-field-theory}
}

@article{Cramer1986,
  author    = {Cramer, John G.},
  title     = {The transactional interpretation of quantum mechanics},
  journal   = {Reviews of Modern Physics},
  volume    = {58},
  number    = {3},
  pages     = {647--687},
  year      = {1986},
  doi       = {10.1103/RevModPhys.58.647},
  keywords  = {physics-field-theory}
}

@article{tHooft1993,
  author    = {'t Hooft, Gerard},
  title     = {Dimensional Reduction in Quantum Gravity},
  year      = {1993},
  eprint    = {gr-qc/9310026},
  url       = {https://arxiv.org/abs/gr-qc/9310026},
  keywords  = {physics-field-theory}
}

@article{Susskind1995,
  author    = {Susskind, Leonard},
  title     = {The world as a hologram},
  journal   = {Journal of Mathematical Physics},
  volume    = {36},
  number    = {11},
  pages     = {6377--6396},
  year      = {1995},
  doi       = {10.1063/1.531249},
  keywords  = {physics-field-theory}
}

@article{Maldacena1998,
  author    = {Maldacena, Juan M.},
  title     = {The large N limit of superconformal field theories and supergravity},
  journal   = {Advances in Theoretical and Mathematical Physics},
  volume    = {2},
  number    = {2},
  pages     = {231--252},
  year      = {1998},
  eprint    = {hep-th/9711200},
  url       = {https://arxiv.org/abs/hep-th/9711200},
  keywords  = {physics-field-theory}
}

@book{LandauLifshitz1987,
  author    = {Landau, Lev D. and Lifshitz, Evgeny M.},
  title     = {Fluid Mechanics},
  edition   = {2nd},
  volume    = {6},
  series    = {Course of Theoretical Physics},
  publisher = {Pergamon Press},
  year      = {1987},
  keywords  = {physics-field-theory}
}

@article{Orus2014,
  author    = {Orús, Román},
  title     = {A practical introduction to tensor networks: Matrix Product States and Projected Entangled Pair States},
  journal   = {Annals of Physics},
  volume    = {349},
  pages     = {117--158},
  year      = {2014},
  keywords  = {numerical-methods, physics-field-theory}
}
@book{Poincare1892,
  author    = {Poincar{\'e}, Henri},
  title     = {Les M{\'e}thodes Nouvelles de la M{\'e}canique C{\'e}leste},
  publisher = {Gauthier-Villars et fils},
  year      = {1892},
  address   = {Paris},
  volume    = {Tome I},
  keywords  = {dynamical-systems}
}

@article{Birkhoff1931,
  author    = {Birkhoff, George D.},
  title     = {Proof of the ergodic theorem},
  journal   = {Proceedings of the National Academy of Sciences},
  volume    = {17},
  number    = {12},
  pages     = {656--660},
  year      = {1931},
  keywords  = {dynamical-systems}
}

@article{Smale1967,
  author    = {Smale, Stephen},
  title     = {Differentiable dynamical systems},
  journal   = {Bulletin of the American Mathematical Society},
  volume    = {73},
  number    = {6},
  pages     = {747--817},
  year      = {1967},
  doi       = {10.1090/S0002-9904-1967-11798-1},
  keywords  = {dynamical-systems}
}

@book{Strogatz2014,
  author    = {Strogatz, Steven H.},
  title     = {Nonlinear Dynamics and Chaos: With Applications to Physics, Biology, Chemistry, and Engineering},
  publisher = {Westview Press},
  edition   = {2nd},
  year      = {2014},
  keywords  = {dynamical-systems}
}

@book{GuckenheimerHolmes1983,
  author    = {Guckenheimer, John and Holmes, Philip},
  title     = {Nonlinear Oscillations, Dynamical Systems, and Bifurcations of Vector Fields},
  publisher = {Springer},
  year      = {1983},
  keywords  = {dynamical-systems}
}

@article{Lyapunov1907,
  author    = {Liapounoff, A.},
  title     = {Probl\`eme g\'en\'eral de la stabilit\'e du mouvement},
  journal   = {Annales de la Facult\'e des sciences de l'Universit\'e de Toulouse pour les sciences math\'ematiques et les sciences physiques},
  volume    = {2e s\'erie, 9},
  pages     = {203--474},
  address   = {Toulouse},
  publisher = {\'Ed. Privat, Imprimeur-Libraire},
  year      = {1907},
  note      = {Originally presented as doctoral thesis, Kharkov, 1892. This is the 1907 French translation.},
  keywords  = {dynamical-systems}
}

@article{Oseledets1968,
  author    = {Oseledets, V. I.},
  title     = {A multiplicative ergodic theorem. Characteristic Ljapunov, exponents of dynamical systems},
  journal   = {Trudy Moskovskogo Matematicheskogo Obshchestva},
  volume    = {19},
  pages     = {179--210},
  year      = {1968},
  note      = {English translation in Transactions of the Moscow Mathematical Society 19 (1968) 197--231},
  keywords  = {dynamical-systems}
}

@article{Lorenz1963,
  author    = {Lorenz, Edward N.},
  title     = {Deterministic nonperiodic flow},
  journal   = {Journal of the Atmospheric Sciences},
  volume    = {20},
  number    = {2},
  pages     = {130--141},
  year      = {1963},
  doi       = {10.1175/1520-0469(1963)020<0130:DNF>2.0.CO;2},
  keywords  = {dynamical-systems}
}

@article{RuelleTakens1971,
  author    = {Ruelle, David and Takens, Floris},
  title     = {On the nature of turbulence},
  journal   = {Communications in Mathematical Physics},
  volume    = {20},
  number    = {3},
  pages     = {167--192},
  year      = {1971},
  doi       = {10.1007/BF01646553},
  keywords  = {dynamical-systems}
}

@article{Milnor1985,
  author    = {Milnor, John},
  title     = {On the concept of attractor},
  journal   = {Communications in Mathematical Physics},
  volume    = {99},
  number    = {2},
  pages     = {177--195},
  year      = {1985},
  doi       = {10.1007/BF01212280},
  keywords  = {dynamical-systems}
}

@book{Kuznetsov2004,
  author    = {Kuznetsov, Yuri A.},
  title     = {Elements of Applied Bifurcation Theory},
  publisher = {Springer},
  edition   = {3rd},
  year      = {2004},
  keywords  = {dynamical-systems}
}

@book{Thom1975,
  author    = {Thom, René},
  title     = {Structural Stability and Morphogenesis},
  publisher = {W. A. Benjamin},
  year      = {1975},
  note      = {English translation of Stabilité structurelle et morphogenèse (1972)},
  keywords  = {dynamical-systems}
}

@book{Zeeman1977,
  author    = {Zeeman, E. C.},
  title     = {Catastrophe theory: Selected papers, 1972-1977},
  publisher = {Addison-Wesley},
  year      = {1977},
  address   = {Reading, MA},
  keywords  = {dynamical-systems}
}

@article{Feigenbaum1978,
  author    = {Feigenbaum, Mitchell J.},
  title     = {Quantitative universality for a class of nonlinear transformations},
  journal   = {Journal of Statistical Physics},
  volume    = {19},
  number    = {1},
  pages     = {25--52},
  year      = {1978},
  doi       = {10.1007/BF01020332},
  keywords  = {dynamical-systems}
}

@incollection{Kuramoto1975,
  author    = {Kuramoto, Yoshiki},
  title     = {Self-entrainment of a population of coupled non-linear oscillators},
  booktitle = {International Symposium on Mathematical Problems in Theoretical Physics},
  editor    = {Araki, Huzihiro},
  volume    = {39},
  pages     = {420--422},
  publisher = {Springer},
  year      = {1975},
  keywords  = {dynamical-systems}
}

@book{Reif1965,
  author    = {Reif, Frederick},
  title     = {Fundamentals of Statistical and Thermal Physics},
  publisher = {McGraw-Hill},
  year      = {1965},
  keywords  = {stat-mech}
}

@book{PathriaBeale2011,
  author    = {Pathria, R.K. and Beale, Paul D.},
  title     = {Statistical Mechanics},
  edition   = {3rd},
  publisher = {Academic Press},
  year      = {2011},
  keywords  = {stat-mech}
}

@article{Landau1937,
  author    = {Landau, L. D.},
  title     = {On the theory of phase transitions},
  journal   = {Zh. Eksp. Teor. Fiz.},
  volume    = {7},
  pages     = {19--32},
  year      = {1937},
  keywords  = {stat-mech}
}

@book{Stanley1971,
  author    = {Stanley, H. Eugene},
  title     = {Introduction to Phase Transitions and Critical Phenomena},
  publisher = {Oxford University Press},
  year      = {1971},
  keywords  = {stat-mech}
}

@article{Wilson1971,
  author    = {Wilson, Kenneth G.},
  title     = {Renormalization group and critical phenomena. I. Renormalization group and the Kadanoff scaling picture},
  journal   = {Physical Review B},
  volume    = {4},
  number    = {9},
  pages     = {3174--3183},
  year      = {1971},
  doi       = {10.1103/PhysRevB.4.3174},
  keywords  = {stat-mech}
}

@article{BakTangWiesenfeld1987,
  author    = {Bak, Per and Tang, Chao and Wiesenfeld, Kurt},
  title     = {Self-organized criticality: an explanation of 1/f noise},
  journal   = {Physical Review Letters},
  volume    = {59},
  number    = {4},
  pages     = {381--384},
  year      = {1987},
  doi       = {10.1103/PhysRevLett.59.381},
  keywords  = {stat-mech, cybernetics-systems}
}

@book{Cardy1996,
  author    = {Cardy, John},
  title     = {Scaling and Renormalization in Statistical Physics},
  publisher = {Cambridge University Press},
  year      ={1996},
  keywords  = {stat-mech}
}

@book{Goldenfeld1992,
  author    = {Goldenfeld, Nigel},
  title     = {Lectures on Phase Transitions and the Renormalization Group},
  publisher = {Addison-Wesley},
  year      = {1992},
  keywords  = {stat-mech}
}

@book{PrigogineStengers1984,
  author    = {Prigogine, Ilya and Stengers, Isabelle},
  title     = {Order Out of Chaos: Man's New Dialogue with Nature},
  publisher = {Bantam Books},
  year      = {1984},
  keywords  = {cybernetics-systems}
}

@book{Kauffman1993,
  author    = {Kauffman, Stuart A.},
  title     = {The Origins of Order: Self-Organization and Selection in Evolution},
  publisher = {Oxford University Press},
  year      = {1993},
  keywords  = {cybernetics-systems}
}

@book{Haken1983,
  author    = {Haken, Hermann},
  title     = {Synergetics: An Introduction},
  publisher = {Springer},
  edition   = {3rd},
  year      = {1983},
  keywords  = {cybernetics-systems, stat-mech}
}

@article{Russell1845,
  author    = {Russell, John Scott},
  title     = {Report on Waves},
  journal   = {Report of the fourteenth meeting of the British Association for the Advancement of Science},
  year      = {1845},
  pages     = {311--390},
  address   = {London},
  keywords  = {dynamical-systems}
}

@article{KortewegdeVries1895,
  author    = {Korteweg, D. J. and de Vries, G.},
  title     = {On the Change of Form of Long Waves advancing in a Rectangular Canal and on a New Type of Long Stationary Waves},
  journal   = {Philosophical Magazine},
  series    = {5},
  volume    = {39},
  year      = {1895},
  pages     = {422--443},
  keywords  = {dynamical-systems}
}

@article{ZabuskyKruskal1965,
  author    = {Zabusky, N. J. and Kruskal, M. D.},
  title     = {Interaction of "Solitons" in a Collisionless Plasma and the Recurrence of Initial States},
  journal   = {Physical Review Letters},
  volume    = {15},
  number    = {6},
  pages     = {240--243},
  year      = {1965},
  doi       = {10.1103/PhysRevLett.15.240},
  keywords  = {dynamical-systems}
} 

@book{Lewin1951,
  author    = {Lewin, Kurt},
  title     = {Field Theory in Social Science: Selected Theoretical Papers},
  publisher = {Harper \& Brothers},
  year      = {1951},
  keywords  = {cog-sci-phil, cybernetics-systems}
}

@article{GinzburgLandau1950,
  author    = {Ginzburg, Vitaly L. and Landau, Lev D.},
  title     = {On the theory of superconductivity},
  journal   = {Zhurnal Eksperimental'noi i Teoreticheskoi Fiziki},
  volume    = {20},
  number    = {12},
  pages     = {1064--1082},
  year      = {1950},
  keywords  = {stat-mech}
}

@article{Langton1990,
  author    = {Langton, Christopher G.},
  title     = {Computation at the edge of chaos: Phase transitions and emergent computation},
  journal   = {Physica D: Nonlinear Phenomena},
  volume    = {42},
  number    = {1-3},
  pages     = {12--37},
  year      = {1990},
  keywords  = {info-computation, dynamical-systems}
}

@article{Shannon1948,
  author    = {Shannon, Claude E.},
  title     = {A Mathematical Theory of Communication},
  journal   = {Bell System Technical Journal},
  volume    = {27},
  number    = {3, 4},
  pages     = {379--423, 623--656},
  year      = {1948},
  keywords  = {info-computation}
}

@book{CoverThomas2006,
  author    = {Cover, Thomas M. and Thomas, Joy A.},
  title     = {Elements of Information Theory},
  publisher = {Wiley},
  edition   = {2nd},
  year      = {2006},
  keywords  = {info-computation}
}

@article{Kolmogorov1965,
  author    = {Kolmogorov, A. N.},
  title     = {Three approaches to the quantitative definition of information},
  journal   = {Problems of Information Transmission},
  volume    = {1},
  number    = {1},
  pages     = {1--11},
  year      = {1965},
  keywords  = {info-computation}
}

@article{Chaitin1966,
  author    = {Chaitin, Gregory J.},
  title     = {On the length of programs for computing finite binary sequences},
  journal   = {Journal of the ACM},
  volume    = {13},
  number    = {4},
  pages     = {547--569},
  year      = {1966},
  keywords  = {info-computation}
}

@book{Sipser2012,
  author    = {Sipser, Michael},
  title     = {Introduction to the Theory of Computation},
  publisher = {Cengage Learning},
  edition   = {3rd},
  year      = {2012},
  keywords  = {info-computation}
}

% "It from Bit"
@incollection{Wheeler1990,
  author    = {Wheeler, John Archibald},
  title     = {Information, Physics, Quantum: The Search for Links},
  booktitle = {Complexity, Entropy and the Physics of Information},
  editor    = {Zurek, Wojciech H.},
  publisher = {Addison-Wesley},
  year      = {1990},
  address   = {Redwood City, CA},
  pages     = {3--28},
  note      = {Appears as the first chapter in the Santa Fe Institute Studies in the Sciences of Complexity, Proceedings Volume VIII.},
  keywords  = {info-computation, physics-field-theory, cog-sci-phil}
} 

@book{Barabasi2016,
  author    = {Barabási, Albert-László},
  title     = {Network Science},
  publisher = {Cambridge University Press},
  year      = {2016},
  keywords  = {info-computation}
}

@book{EdelsbrunnerHarer2010,
  author    = {Edelsbrunner, Herbert and Harer, John},
  title     = {Computational Topology: An Introduction},
  publisher = {American Mathematical Society},
  year      = {2010},
  keywords  = {numerical-methods, math-logic}
}

@book{Chung1997,
  author    = {Chung, Fan R. K.},
  title     = {Spectral Graph Theory},
  series    = {CBMS Regional Conference Series in Mathematics},
  volume    = {92},
  publisher = {American Mathematical Society},
  year      = {1997},
  isbn      = {978-0-8218-0315-8},
  keywords  = {numerical-methods, math-logic}
}

@article{Harris1954,
  author    = {Harris, Zellig S.},
  title     = {Distributional structure},
  journal   = {Word},
  volume    = {10},
  number    = {2-3},
  pages     = {146--162},
  year      = {1954},
  keywords  = {linguistics}
}

@article{Mikolov2013,
  author    = {Mikolov, Tomas and Chen, Kai and Corrado, Greg and Dean, Jeffrey},
  title     = {Efficient Estimation of Word Representations in Vector Space},
  journal   = {arXiv preprint arXiv:1301.3781},
  year      = {2013},
  keywords  = {linguistics, info-computation}
}

@inproceedings{Bennett1988,
  author    = {Bennett, Charles H.},
  title     = {Logical depth and physical complexity},
  booktitle = {The Universal Turing Machine: A Half-Century Survey},
  editor    = {Herken, Rolf},
  pages     = {227--257},
  publisher = {Oxford University Press},
  year      = {1988},
  keywords  = {info-computation}
}

@article{Carlsson2009,
  author    = {Carlsson, Gunnar},
  title     = {Topology and data},
  journal   = {Bulletin of the American Mathematical Society},
  volume    = {46},
  number    = {2},
  pages     = {255--308},
  year      = {2009},
  keywords  = {numerical-methods, math-logic}
}

@book{Chalmers1996,
  author    = {Chalmers, David J.},
  title     = {The Conscious Mind: In Search of a Fundamental Theory},
  publisher = {Oxford University Press},
  year      = {1996},
  keywords  = {cog-sci-phil}
}

@article{Tononi2004,
  author    = {Tononi, Giulio},
  title     = {An information integration theory of consciousness},
  journal   = {BMC Neuroscience},
  volume    = {5},
  number    = {1},
  pages     = {42},
  year      = {2004},
  doi       = {10.1186/1471-2202-5-42},
  keywords  = {cog-sci-phil, info-computation}
} 

@book{KochConsciousness2019,
  author    = {Koch, Christof},
  title     = {The Feeling of Life Itself: Why Consciousness Is Widespread but Can't Be Computed},
  publisher = {MIT Press},
  year      = {2019},
  keywords  = {cog-sci-phil}
}

@book{VarelaThompsonRosch1991,
  author    = {Varela, Francisco J. and Thompson, Evan and Rosch, Eleanor},
  title     = {The Embodied Mind: Cognitive Science and Human Experience},
  publisher = {MIT Press},
  year      = {1991},
  keywords  = {cog-sci-phil}
}

@article{ClarkChalmers1998,
  author    = {Clark, Andy and Chalmers, David},
  title     = {The extended mind},
  journal   = {Analysis},
  volume    = {58},
  number    = {1},
  pages     = {7--19},
  year      = {1998},
  doi       = {10.1093/analys/58.1.7},
  keywords  = {cog-sci-phil}
}

@article{Crick1990,
  author    = {Crick, Francis and Koch, Christof},
  title     = {Towards a neurobiological theory of consciousness},
  journal   = {Seminars in the Neurosciences},
  volume    = {2},
  pages     = {263--275},
  year      = {1990},
  keywords  = {neuro-psych, cog-sci-phil}
}

@book{HofstadterSander2013,
  author    = {Hofstadter, Douglas R. and Sander, Emmanuel},
  title     = {Surfaces and Essences: Analogy as the Fuel and Fire of Thinking},
  publisher = {Basic Books},
  year      = {2013},
  address   = {New York},
  keywords  = {cog-sci-phil}
}

@book{Galilei1623,
  author    = {Galilei, Galileo},
  title     = {Il Saggiatore},
  publisher = {Accademia dei Lincei},
  year      = {1623},
  address   = {Rome},
  keywords  = {hist-sci}
}

@book{Hegel1807,
  author    = {Hegel, Georg Wilhelm Friedrich},
  title     = {Phänomenologie des Geistes},
  publisher = {Joseph Anton Goebhardt},
  year      = {1807},
  address   = {Bamberg and Würzburg},
  keywords  = {cog-sci-phil}
}

@book{SpencerBrown1969,
  author    = {Spencer-Brown, George},
  title     = {Laws of Form},
  publisher = {George Allen and Unwin},
  year      = {1969},
  address   = {London},
  keywords  = {math-logic, cog-sci-phil}
}

@book{Gardenfors2000,
  author    = {Gärdenfors, Peter},
  title     = {Conceptual Spaces: The Geometry of Thought},
  publisher = {MIT Press},
  year      = {2000},
  keywords  = {cog-sci-phil}
}

@book{Gardenfors2014,
  author    = {Gärdenfors, Peter},
  title     = {The Geometry of Meaning: Semantics Based on Conceptual Spaces},
  publisher = {MIT Press},
  year      = {2014},
  isbn      = {9780262026789},
  pages     = {356},
  keywords  = {cog-sci-phil, linguistics}
}

@article{Shepard1987,
  author    = {Shepard, Roger N.},
  title     = {Toward a universal law of generalization for psychological science},
  journal   = {Science},
  volume    = {237},
  number    = {4820},
  pages     = {1317--1323},
  year      = {1987},
  keywords  = {cog-sci-phil}
}

@book{LakoffJohnson1980,
  author    = {Lakoff, George and Johnson, Mark},
  title     = {Metaphors We Live By},
  publisher = {University of Chicago Press},
  year      = {1980},
  keywords  = {cog-sci-phil, linguistics}
}

@book{Turchin1977,
  author    = {Turchin, Valentin F.},
  title     = {The Phenomenon of Science: A Cybernetic Approach to Human Evolution},
  publisher = {Columbia University Press},
  year      = {1977},
  address   = {New York},
  keywords  = {cybernetics-systems, info-computation}
}

@book{MaturanaVarela1980,
  author    = {Maturana, Humberto R. and Varela, Francisco J.},
  title     = {Autopoiesis and Cognition: The Realization of the Living},
  publisher = {D. Reidel Publishing Company},
  year      = {1980},
  keywords  = {cybernetics-systems}
}

@book{Luhmann1995,
  author    = {Luhmann, Niklas},
  title     = {Social Systems},
  publisher = {Stanford University Press},
  year      = {1995},
  note      = {Translation of Soziale Systeme (1984)},
  keywords  = {cybernetics-systems}
}

@book{Wiener1948,
  author    = {Wiener, Norbert},
  title     = {Cybernetics: Or Control and Communication in the Animal and the Machine},
  publisher = {MIT Press},
  year      = {1948},
  keywords  = {cybernetics-systems}
}

@book{Ashby1952,
  author    = {Ashby, W. Ross},
  title     = {Design for a Brain},
  publisher = {Chapman \& Hall},
  year      = {1952},
  keywords  = {cybernetics-systems}
}

@book{Cannon1932,
  author    = {Cannon, Walter B.},
  title     = {The Wisdom of the Body},
  publisher = {W. W. Norton \& Company},
  year      = {1932},
  address   = {New York},
  keywords  = {cybernetics-systems}
}

@book{vonBertalanffy1968,
  author    = {von Bertalanffy, Ludwig},
  title     = {General System Theory: Foundations, Development, Applications},
  publisher = {George Braziller},
  year      = {1968},
  keywords  = {cybernetics-systems}
}

@book{Surowiecki2004,
  author    = {Surowiecki, James},
  title     = {The Wisdom of Crowds},
  publisher = {Doubleday},
  year      = {2004},
  keywords  = {cybernetics-systems}
}

@book{Varela1979,
  author    = {Varela, Francisco J.},
  title     = {Principles of Biological Autonomy},
  publisher = {Elsevier North Holland},
  year      = {1979},
  address   = {New York},
  keywords  = {cybernetics-systems, cog-sci-phil}
}

@book{Rosen1991,
  author    = {Rosen, Robert},
  title     = {Life Itself: A Comprehensive Inquiry into the Nature, Origin, and Fabrication of Life},
  publisher = {Columbia University Press},
  year      = {1991},
  address   = {New York},
  keywords  = {cybernetics-systems, cog-sci-phil}
}

@article{Kalman1960,
  author    = {Kalman, Rudolph E.},
  title     = {A new approach to linear filtering and prediction problems},
  journal   = {Journal of Basic Engineering},
  volume    = {82},
  number    = {1},
  pages     = {35--45},
  year      = {1960},
  publisher = {ASME},
  doi       = {10.1115/1.3662552},
  keywords  = {cybernetics-systems}
}

@book{AndersonMoore1990,
  author    = {Anderson, Brian D. O. and Moore, John B.},
  title     = {Optimal Control: Linear Quadratic Methods},
  publisher = {Prentice Hall},
  year      = {1990},
  keywords  = {cybernetics-systems}
}

@article{MichaelisMenten1913,
  author    = {Michaelis, Leonor and Menten, Maud L.},
  title     = {Die Kinetik der Invertinwirkung},
  journal   = {Biochemische Zeitschrift},
  volume    = {49},
  number    = {17},
  pages     = {333--369},
  year      = {1913},
  keywords  = {interdisciplinary}
}
@article{zweiger2025seal,
  author    = {Zweiger, Adam and Pari, Jyothish and Guo, Han and Aky{\"u}rek, Ekin and Kim, Yoon and Agrawal, Pulkit},
  title     = {Self-Adapting Language Models},
  journal   = {arXiv preprint arXiv:2506.10943},
  year      = {2025},
  note      = {Submitted June 12, 2025},
  url       = {https://arxiv.org/abs/2506.10943},
  keywords  = {info-computation, cog-sci-phil}
}

@article{RussellDeweyTegmark2015,
  author    = {Russell, Stuart and Dewey, Daniel and Tegmark, Max},
  title     = {Research priorities for robust and beneficial artificial intelligence},
  journal   = {AI Magazine},
  volume    = {36},
  number    = {4},
  pages     = {105--114},
  year      = {2015},
  doi       = {10.1609/aimag.v36i4.2577},
  keywords  = {info-computation}
}

@book{BurdenFairesBurden2016,
  author    = {Burden, Richard L. and Faires, J. Douglas and Burden, Annette M.},
  title     = {Numerical Analysis},
  publisher = {Cengage Learning},
  edition   = {10th},
  year      = {2016},
  keywords  = {numerical-methods}
}

@book{BaumgarteShapiro2010,
  author    = {Baumgarte, Thomas W. and Shapiro, Stuart L.},
  title     = {Numerical Relativity: Solving Einstein's Equations on the Computer},
  publisher = {Cambridge University Press},
  year      = {2010},
  keywords  = {numerical-methods, physics-field-theory}
}

@article{Runge1895,
  author    = {Runge, C.},
  title     = {Ueber die numerische Aufl{\"o}sung von Differentialgleichungen},
  journal   = {Mathematische Annalen},
  volume    = {46},
  pages     = {167--178},
  year      = {1895},
  doi       = {10.1007/BF01446807},
  keywords  = {numerical-methods}
}

@article{Kutta1901,
  author    = {Kutta, W.},
  title     = {Beitrag zur n{\"a}herungsweisen Integration totaler Differentialgleichungen},
  journal   = {Zeitschrift f{\"u}r Mathematik und Physik},
  volume    = {46},
  pages     = {435--453},
  year      = {1901},
  keywords  = {numerical-methods}
}

@book{Evans2010,
  author    = {Evans, Lawrence C.},
  title     = {Partial Differential Equations},
  publisher = {American Mathematical Society},
  edition   = {2nd},
  year      = {2010},
  keywords  = {math-logic}
}

@incollection{McCloskeyCohen1989,
  author    = {McCloskey, Michael and Cohen, Neal J.},
  title     = {Catastrophic interference in connectionist networks: The sequential learning problem},
  booktitle = {The Psychology of Learning and Motivation},
  volume    = {24},
  pages     = {109--165},
  year      = {1989},
  publisher = {Academic Press},
  doi       = {10.1016/S0079-7421(08)60536-8},
  keywords  = {neuro-psych, info-computation}
}

@article{French1999,
  author    = {French, Robert M.},
  title     = {Catastrophic forgetting in connectionist networks: a tutorial review},
  journal   = {Trends in Cognitive Sciences},
  volume    = {3},
  number    = {4},
  pages     = {128--135},
  year      = {1999},
  doi       = {10.1016/s1364-6613(99)01294-2},
  keywords  = {neuro-psych, info-computation}
}

@book{Pessoa2022,
  author    = {Pessoa, Luiz},
  title     = {The Entangled Brain: How Perception, Cognition, and Emotion Are Woven Together},
  publisher = {The MIT Press},
  year      = {2022},
  keywords  = {neuro-psych, cog-sci-phil}
}

@article{TognoliKelso2014,
  author    = {Tognoli, Emmanuelle and Kelso, J. A. Scott},
  title     = {The metastable brain},
  journal   = {Neuron},
  volume    = {81},
  number    = {1},
  pages     = {35--48},
  year      = {2014},
  doi       = {10.1016/j.neuron.2013.12.022},
  keywords  = {neuro-psych}
} 

@book{Hebb1949,
  author    = {Hebb, Donald O.},
  title     = {The Organization of Behavior: A Neuropsychological Theory},
  publisher = {John Wiley \& Sons},
  year      = {1949},
  keywords  = {neuro-psych}
}

@article{Cloninger1993,
  author    = {Cloninger, C. Robert and Svrakic, Dragan M. and Przybeck, Thomas R.},
  title     = {A psychobiological model of temperament and character},
  journal   = {Archives of General Psychiatry},
  volume    = {50},
  number    = {12},
  pages     = {975--990},
  year      = {1993},
  doi       = {10.1001/archpsyc.1993.01820240059008},
  keywords  = {neuro-psych}
}

@misc{Bach1741,
  author    = {Bach, Johann Sebastian},
  title     = {Goldberg Variations, BWV 988},
  year      = {1741},
  note      = {Aria with Diverse Variations for the Harpsichord with Two Manuals. Composed for Count Kaiserling.},
  keywords  = {interdisciplinary}
}

@misc{Bach1751,
  author    = {Bach, Johann Sebastian},
  title     = {Die Kunst der Fuge, BWV 1080},
  year      = {1751},
  note      = {The Art of Fugue. Composed 1749-1750, left unfinished at Bach's death. Published posthumously.},
  keywords  = {interdisciplinary}
}

@book{Hofstadter1979,
  author    = {Hofstadter, Douglas R.},
  title     = {Gödel, Escher, Bach: An Eternal Golden Braid},
  publisher = {Basic Books},
  year      = {1979},
  keywords  = {interdisciplinary, cog-sci-phil, math-logic, info-computation}
}

@book{Hofstadter2007,
  author    = {Hofstadter, Douglas R.},
  title     = {I Am a Strange Loop},
  publisher = {Basic Books},
  year      = {2007},
  address   = {New York},
  pages     = {xix + 412},
  isbn      = {9780465030781},
  keywords  = {cog-sci-phil, interdisciplinary}
}

@article{Friston2010,
  author    = {Friston, Karl},
  title     = {The free-energy principle: a unified brain theory?},
  journal   = {Nature Reviews Neuroscience},
  volume    = {11},
  number    = {2},
  pages     = {127--138},
  year      = {2010},
  doi       = {10.1038/nrn2787},
  keywords  = {cog-sci-phil, neuro-psych}
}

@book{Parr2022,
  author    = {Parr, Thomas and Pezzulo, Giovanni and Friston, Karl J.},
  title     = {Active Inference: The Free Energy Principle in Mind, Brain, and Behavior},
  publisher = {MIT Press},
  year      = {2022},
  address   = {Cambridge, MA},
  keywords  = {cog-sci-phil, neuro-psych}
}

@article{Bronstein2021,
  author    = {Bronstein, Michael M. and Bruna, Joan and Cohen, Taco and Veli{\v{c}}kovi{\'c}, Petar},
  title     = {Geometric deep learning: Grids, groups, graphs, geodesics, and gauges},
  journal   = {arXiv preprint arXiv:2104.13478},
  year      = {2021},
  url       = {https://arxiv.org/abs/2104.13478},
  keywords  = {info-computation, numerical-methods}
}

@book{Amari2016,
  author    = {Amari, Shun-ichi},
  title     = {Information Geometry and Its Applications},
  publisher = {Springer},
  year      = {2016},
  address   = {Tokyo},
  doi       = {10.1007/978-4-431-55978-8},
  keywords  = {info-computation, math-logic}
}

@article{Bassett2018,
  author    = {Bassett, Danielle S. and Zurn, Perry and Gold, Joshua I.},
  title     = {On the nature and use of models in network neuroscience},
  journal   = {Nature Reviews Neuroscience},
  volume    = {19},
  number    = {9},
  pages     = {566--578},
  year      = {2018},
  doi       = {10.1038/s41583-018-0038-8},
  keywords  = {neuro-psych, numerical-methods}
}

@article{Petri2014,
  author    = {Petri, Giovanni and Expert, Paul and Turkheimer, Federico and Carhart-Harris, Robin and Nutt, David and Hellyer, Peter J. and Vaccarino, Francesca},
  title     = {Homological scaffolds of brain functional networks},
  journal   = {Journal of The Royal Society Interface},
  volume    = {11},
  number    = {101},
  pages     = {20140873},
  year      = {2014},
  doi       = {10.1098/rsif.2014.0873},
  keywords  = {neuro-psych, numerical-methods}
}

@article{Newen2018,
  author    = {Newen, Albert and De Bruin, Leon and Gallagher, Shaun},
  title     = {4E cognition: Historical roots, key concepts, and central issues},
  journal   = {The Oxford Handbook of 4E Cognition},
  publisher = {Oxford University Press},
  year      = {2018},
  doi       = {10.1093/oxfordhb/9780198735410.013.1},
  keywords  = {cog-sci-phil}
}

@book{Gallagher2020,
  author    = {Gallagher, Shaun},
  title     = {Action and Interaction},
  publisher = {Oxford University Press},
  year      = {2020},
  keywords  = {cog-sci-phil}
}

@book{Thompson2018,
  author    = {Thompson, Evan},
  title     = {Mind in Life: Biology, Phenomenology, and the Sciences of Mind},
  publisher = {Harvard University Press},
  year      = {2018},
  edition   = {2nd},
  keywords  = {cog-sci-phil}
}

@article{DiPaolo2021,
  author    = {Di Paolo, Ezequiel A. and Cuffari, Elena Clara and De Jaegher, Hanne},
  title     = {Linguistic Bodies: The Continuity between Life and Language},
  journal   = {MIT Press},
  year      = {2021},
  keywords  = {cog-sci-phil}
}

@book{Clark2016,
  author    = {Clark, Andy},
  title     = {Surfing Uncertainty: Prediction, Action, and the Embodied Mind},
  publisher = {Oxford University Press},
  year      = {2016},
  keywords  = {cog-sci-phil, neuro-psych}
}

@book{Hohwy2013,
  author    = {Hohwy, Jakob},
  title     = {The Predictive Mind: Cognitive Science and Philosophy of Mind},
  publisher = {Oxford University Press},
  year      = {2013},
  keywords  = {cog-sci-phil, neuro-psych}
}

@article{CourantFriedrichsLewy1928,
  author    = {Courant, R. and Friedrichs, K. and Lewy, H.},
  title     = {{\"U}ber die partiellen Differenzengleichungen der mathematischen Physik},
  journal   = {Mathematische Annalen},
  volume    = {100},
  year      = {1928},
  pages     = {32--74},
  doi       = {10.1007/BF01448839},
  keywords  = {numerical-methods, math-logic}
}
